3086 4972
698 389 853 486 A

181 561 319 638 Marsos,
354 560 487 626 Latinos
511 559 671 642 Afrienus,
706 561 845 627 Umbros
861 559 996 640 Plotius,
1026 559 1185 645 Egnatius
1202 559 1370 638 Etruscos,

48 674 50 715 l
172 661 347 740 'Samnium
369 673 611 756 Lucaniamque
635 673 824 742 Telesinus‘
865 674 963 755 11,a,
989 679 1037 741 16.
1083 673 1208 754 ,Olbiae
1231 672 1300 765 hic,
1326 670 1371 737 ibi

178 785 309 850 Aleriae
333 784 423 850 urbis
446 784 593 853 excidio‘.
617 785 672 866 lV,
696 789 725 866 2,
752 790 800 853 19.
825 789 948 870 ,pulsus
972 786 1104 852 Etruria
1121 785 1214 868 Libo,
1233 784 1372 850 Umbria

179 897 347 981 Thermus,
374 899 534 964 Domitius
559 897 719 968 Corfinio‘.

268 1228 358 1294 Haec
380 1228 479 1292 habui
504 1227 544 1293 de
567 1229 666 1294 Floro
691 1229 882 1295 elocutionis
905 1230 1058 1296 Taciteae
1080 1229 1264 1309 imitatore,
1288 1248 1371 1312 quae

179 1332 328 1407 dicerem.
354 1343 460 1424 Atque
476 1347 512 1405 ut
536 1363 575 1406 ex
594 1341 643 1421 iis,
668 1362 752 1424 quae
769 1343 876 1422 attuli,
900 1341 1056 1425 exemplis
1072 1361 1230 1406 summam
1246 1361 1370 1424 cogam,

180 1453 261 1516 satis
285 1474 443 1537 apparere
466 1459 546 1536 puto
569 1453 761 1518 elocutionis
786 1454 939 1519 Taciteae
967 1461 1000 1519 et
1022 1454 1195 1519 Florianae
1219 1453 1371 1518 similitu·

178 1564 286 1630 dinem
310 1587 374 1630 non
397 1550 500 1630 solum
516 1565 558 1632 ad
575 1587 775 1632 communem
793 1567 875 1631 Livii
891 1587 985 1632 usum
1004 1565 1207 1632 referendam
1232 1587 1311 1646 esse,
1335 1570 1372 1629 ut

180 1676 412 1743 Wiedemanno
425 1678 560 1763 placuit,
574 1676 643 1759 (cfr.
657 1702 687 1762 p.
700 1682 740 1763 6.)
756 1678 813 1743 sed
825 1679 924 1744 etiam
937 1677 1042 1744 Taciti
1053 1677 1153 1744 libros
1167 1678 1264 1745 Floro
1277 1681 1371 1742 notos

179 1789 279 1855 fnisse
313 1791 405 1872 eique
438 1790 551 1873 dignos
583 1791 668 1856 visos
700 1812 787 1871 esse,
822 1791 878 1874 qni
908 1776 1085 1856 identidem
1115 1791 1370 1875 perlegerentur.

183 1901 273 1980 Quae
305 1923 356 1966 res
387 1924 424 1967 eo
453 1904 584 1967 maioris
615 1906 769 1968 momenti
802 1913 868 1982 est,
906 1925 978 1967 cuin
1009 1903 1126 1969 Florus
1149 1903 1249 1968 aliam
1272 1909 1372 1987 atque

182 2014 315 2080 Tacitus
338 2015 508 2080 materiem
535 2016 736 2096 tractaverit,
760 2037 865 2098 neque
887 2015 1023 2081 fontium
1049 2017 1174 2082 ratione
1191 2020 1371 2082 commotus

181 2127 245 2208 sit,
272 2133 309 2191 ut
337 2126 379 2191 ad
404 2127 508 2192 Taciti
541 2126 641 2192 libros
672 2127 826 2210 legendos
849 2128 1026 2196 accederet.
1070 2129 1187 2213 Itaque
1209 2129 1233 2194 ii
1255 2150 1371 2214 parum

180 2233 270 2304 re'cte
293 2238 443 2304 videntur
466 2239 628 2320 iudicare,
652 2241 709 2323 qui
733 2241 881 2304 Tacit-um
904 2241 995 2305 nulla
1017 2240 1085 2307 fere
1108 2242 1197 2326 apud
1218 2241 1371 2326 aequales

181 2351 380 2416 auctoritate
402 2351 512 2433 luisse,
546 2352 644 2416 immo
670 2352 711 2416 iis
734 2353 855 2435 ingenii
878 2352 927 2416 sui
958 2352 1137 2419 acerbitate
1161 2351 1371 2419 offensionem

178 2462 369 2549 praebuisse
393 2465 566 2534 coniciant.
589 2464 663 2552 (cfr.
688 2465 802 2530 Haasii
824 2464 925 2549 praet
947 2465 991 2530 ad
1012 2466 1088 2530 Tac.
1111 2488 1141 2550 p.
1161 2466 1248 2551 LV.)
1278 2465 1372 2544 Quod

178 2597 256 2641 vero
278 2576 320 2642 ad
344 2577 493 2643 Taciturn
517 2578 622 2662 ipsum
645 2579 807 2661 pertinet,
837 2579 1038 2644 imitatorum
1063 2579 1185 2663 scripta
1208 2599 1245 2645 eo
1268 2577 1371 2663 pluris

179 2688 384 2754 aestimanda
406 2695 491 2770 sunt,
516 2711 580 2773 quo
603 2689 676 2774 plns
701 2690 802 2754 exiis
825 2689 868 2754 ad
890 2695 994 2754 artem
1018 2690 1165 2756 criticam
1188 2689 1370 2756 faciendam

178 2801 284 2886 repeti
306 2807 425 2885 potest.
463 2802 598 2881 Qualem
621 2808 730 2867 autem
753 2801 848 2866 huius
871 2802 919 2866 rei
942 2801 1084 2867 fructum
1106 2803 1195 2868 Flori
1219 2803 1370 2886 epitome,

180 2934 265 2997 qnae
287 2913 423 2994 dicitur,
453 2913 495 2979 ad
518 2914 623 2979 Taciti
646 2914 746 2980 rerba
770 2913 975 2980 emendenda
1002 2913 1177 2999 praebeat,
1201 2915 1266 2981 alio
1289 2921 1370 2981 tem-

178 3046 258 3110 pore
281 3023 471 3095 videbimus.
