3086 4972
688 381 843 481 s—a

170 574 187 618 e
208 555 314 637 poetis
336 555 466 622 uidetur
486 555 627 640 petitum
650 554 874 636 ,bellatoribus
896 554 985 620 viris‘
1016 555 1050 635 1,
1074 558 1112 634 8,
1135 555 1166 624 4.
1187 552 1246 625 olr.
1281 555 1359 623 Tao.

170 666 208 738 G.
231 670 280 738 14
306 667 458 748 ,bellator
479 674 601 752 equus‘.
648 669 741 748 Quod
764 670 898 738 Tacitus
921 689 974 734 an.
997 668 1023 747 Ι,
1046 671 1077 734 8.
1098 667 1200 733 habet
1232 688 1359 747 ,nomen

169 781 362 864 Augustum‘
400 781 517 847 Florus
540 781 668 848 ridetur
689 782 839 846 imitatus
862 802 932 846 esse
953 780 1022 860 Ill,
1055 784 1084 859 7,
1118 784 1137 844 6
1170 800 1359 862 ,cognomen

170 893 351 962 Oreticum‘.
377 893 460 982 (mv.
482 897 594 975 XXX,
617 898 669 962 45.
714 894 913 976 ,Africanum
937 892 1150 978 cognomen‘).

255 1009 332 1077 ne
358 1006 820 1092 praepositionibus.
865 1006 972 1089 ,apud‘
1005 1027 1065 1090 pro
1098 1007 1152 1086 ,in‘
1188 1026 1261 1070 oum
1295 1004 1360 1074 abl.

169 1119 302 1186 Tacitus
324 1119 518 1186 insolentius
540 1141 604 1185 non
627 1120 732 1186 solum
763 1140 837 1185 oum
866 1126 1029 1184 terrarum
1051 1123 1084 1183 et
1106 1117 1237 1182 urbium
1258 1118 1361 1183 nomi-

170 1231 264 1298 nibus
287 1233 465 1315 coniungit,
489 1232 546 1298 sed
569 1233 667 1298 etiam
691 1254 765 1298 oum
788 1230 1000 1298 substantivis
1015 1229 1222 1316 appellativis
1238 1235 1271 1294 et
1287 1250 1360 1294 oum

169 1343 421 1429 pronominibus,
446 1344 503 1410 cfr.
529 1345 626 1430 Nipp.
650 1367 702 1412 an.
724 1345 749 1426 Ι,
774 1348 802 1411 5.
828 1345 922 1410 Hune
944 1364 1039 1408 usum
1062 1344 1178 1409 Florus
1202 1363 1222 1408 a
1245 1342 1359 1408 Tacito

170 1462 340 1523 mutuatus
363 1462 428 1523 est:
453 1458 477 1538 Ι,
502 1463 530 1537 l,
554 1460 582 1525 5.
605 1458 685 1542 ‚ipse
708 1457 850 1523 fluminis
873 1465 1003 1523 amator
1026 1462 1059 1522 et
1080 1457 1255 1535 montium,
1279 1460 1361 1539 aput

170 1589 252 1652 quos
275 1575 347 1636 erat
368 1570 545 1636 edueatus‘.
568 1570 624 1650 IV,
649 1575 678 1651 2,
700 1575 752 1635 45.
777 1575 867 1654 ‚aput
889 1570 1051 1654 principia
1074 1573 1266 1652 conspectus
1289 1572 1359 1644 est‘,

170 1679 228 1746 sed
250 1681 308 1768 ΙΙΙ,
334 1686 385 1763 10,
410 1686 450 1747 12
474 1685 517 1763 ,in
539 1684 721 1769 principiis‘
743 1684 874 1767 legitur.

258 1795 355 1876 ,cirea
392 1794 505 1860 eadem
541 1797 573 1862 ri
612 1817 677 1878 qua
710 1797 764 1875 ,in‘
799 1817 872 1862 eum
906 1794 969 1862 abl.
1002 1794 1149 1878 fungitur
1189 1792 1277 1877 apud
1309 1813 1360 1858 ar-

170 1911 304 1990 genteae
334 1907 511 1974 latinitatis
542 1909 732 1993 scriptores3
762 1909 910 1991 exempla
939 1907 1073 1972 Tanites
1104 1907 1222 1989 Draeg.
1252 1927 1284 1988 p.
1308 1907 1359 1972 36.

168 2018 294 2084 laudat.
316 2019 374 2087 ofr.
398 2021 446 2087 Fl.
469 2022 495 2100 Ι,
520 2023 569 2102 10,
594 2023 613 2086 5
644 2020 813 2102 ,frustrato
837 2021 923 2086 cirea
945 2025 1162 2105 purpuratum
1178 2020 1248 2084 eius
1270 2018 1360 2084 iatu‘

169 2132 196 2211 Ι,
222 2135 273 2213 18,
296 2137 345 2202 22.
368 2154 452 2214 ,oum
474 2132 584 2200 decem
599 2133 708 2218 pondo
723 2135 797 2198 auri
813 2135 899 2198 eirea
916 2133 1068 2199 Rufinum
1084 2187 1092 2201 .
1108 2183 1116 2199 .
1134 2181 1142 2197 .
1165 2132 1357 2198 damnaret.

169 2242 229 2324 ΙΙΙ,
257 2248 307 2322 19,
331 2245 381 2310 12.
415 2247 513 2326 ‚airon
534 2245 843 2330 adprehendendum
865 2267 938 2312 eum
962 2267 982 2310 a
1004 2244 1212 2311 multitudiue
1228 2248 1358 2308 conten-

169 2355 279 2424 ditur‘.
301 2357 376 2428 Tau
400 2356 475 2426 dial.
490 2359 540 2430 28.
563 2358 661 2439 ,circa
683 2357 868 2425 educandos
883 2356 1133 2442 formandosque
1156 2357 1288 2423 liberos.
1303 2355 1359 2439 1v,

170 2473 200 2551 a,
223 2469 275 2538 rr.
300 2473 351 2552 rr,
379 2475 407 2539 1.
1294 2445 1298 2456 '

257 2588 351 2667 ,post‘
373 2585 449 2652 Tae.
472 2583 637 2650 nonnullis
659 2583 739 2650 lonis
760 2585 809 2651 ita
830 2590 980 2668 usurpat,
1009 2588 1048 2649 ut
1069 2589 1128 2649 sut
1149 2582 1360 2668 participium

168 2693 354 2762 addendum
377 2696 439 2775 sit,
469 2701 529 2761 aut
549 2696 635 2762 idem
658 2698 767 2763 valeat
789 2697 876 2780 quod
899 2703 1072 2782 postquam
1095 2718 1171 2761 cum
1191 2699 1360 2762 enuntiato

168 2807 358 2889 temporali:
379 2807 411 2873 h.
428 2809 488 2887 ΙΙΙ,
512 2812 564 2875 49.
589 2809 767 2895 (oerer.)
791 2815 877 2893 ‚post
895 2809 1096 2876 Cremonam‘
1119 2809 1175 2902 sel.
1193 2809 1359 2877 excissam.

169 2938 222 2986 an.
244 2920 271 2999 Ι,
303 2920 356 2986 68.
389 2925 473 3004 ,post
496 2941 594 3003 grave
617 2923 742 2986 vulnus*
773 2922 802 2987 h.
835 2943 862 2988 e.
894 2927 1069 3006 postquam
1099 2942 1128 3004 g.
1160 2943 1190 2987 v.
1219 2921 1357 3004 accepit.

168 3029 263 3094 Hano
286 3031 350 3096 vim
372 3037 465 3115 ,post‘
489 3034 588 3099 otiam
609 3034 695 3118 apud
722 3035 854 3100 l'lorum
876 3033 990 3114 hahet,
1014 3035 1063 3099 ita
1085 3039 1206 3113 tamen,
1230 3038 1268 3097 ut
1289 3031 1359 3097 ubi·

169 3161 233 3226 qne
249 3143 381 3210 verbum
397 3144 562 3229 pugnandi
584 3151 643 3212 aut
665 3147 815 3212 vincendi
837 3145 1104 3212 subaudiendum
1119 3146 1178 3210 sit:
1202 3146 1228 3223 Ι,
1255 3147 1303 3222 19,
1329 3146 1358 3210 1.

170 3259 256 3338 ,post
279 3255 466 3323 Tarentum‘
496 3258 553 3322 sol.
577 3263 718 3342 captum.
741 3259 785 3339 ΙΙ,
809 3261 840 3336 7,
867 3263 893 3325 l.
917 3263 1002 3342 ‚post
1025 3255 1265 3339 Carthaginem‘
1299 3254 1357 3334 III,

85 3437 87 3444 y
171 3371 199 3448 1,
226 3370 304 3448 1,4,
330 3372 359 3435 1.
406 3369 460 3448 lV,
484 3372 514 3449 2,
539 3370 591 3437 29.
622 3374 650 3435 8,
676 3370 707 3436 9.
730 3371 765 3437 of
781 3423 788 3439 .
819 3371 994 3436 Woelfflin.
1026 3370 1060 3433 in
1082 3368 1165 3435 Phil.
1186 3373 1213 3438 t.
1236 3367 1359 3437 XXVL

167 3501 200 3565 p.
226 3483 297 3548 133.
321 3481 475 3548 Binsfeld.
499 3484 533 3548 in
556 3504 637 3548 mus.
661 3483 751 3550 rhen.
776 3492 798 3548 t.
823 3485 948 3550 XXVI.
965 3505 996 3566 p.
1018 3484 1089 3547 312.

256 3593 316 3674 ‚de‘
352 3595 587 3678 praepositioni
616 3599 805 3680 saepissime
838 3596 926 3680 apud
959 3601 1134 3676 utrumque
1165 3591 1356 3676 scriptorem

170 3704 357 3770 discedendi
378 3705 429 3772 vel
452 3706 590 3772 exeundi
619 3709 710 3774 notio
741 3709 843 3788 inest,
883 3707 940 3773 sed
961 3707 1022 3772 hae
1045 3707 1078 3770 in
1101 3726 1137 3770 re
1158 3704 1356 3782 Ciceronem,

169 3816 313 3897 Livium,
344 3817 425 3883 alios
456 3819 559 3884 secuti
588 3825 671 3889 suut,
700 3821 853 3905 Magnam
877 3818 1123 3885 similitudinem
1143 3815 1243 3881 habet
1265 3817 1356 3879 locus

169 3929 257 3998 Flor.
282 3929 321 4010 ΙΙ,
353 3935 384 4010 6,
408 3930 458 3996 38.
497 3931 561 4011 ,oui
583 3932 648 3998 iam
673 3933 795 4017 grande
818 3932 859 3998 de
881 3932 994 3998 Africa
1016 3952 1133 3997 nomen
1155 3930 1224 3996 fata
1246 3927 1357 3992 deere-

169 4047 294 4107 verant‘
324 4063 396 4107 oum
427 4042 503 4112 Tae.
535 4065 586 4110 an.
621 4045 647 4125 Ι,
672 4049 711 4110 15
748 4045 868 4127 ludos,
900 4045 957 4129 qui
987 4043 1027 4109 de
1057 4043 1188 4109 nomine
1218 4038 1357 4123 Augusti

170 4204 181 4227 .
206 4205 213 4222 .
236 4204 245 4223 .
270 4204 278 4222 .
303 4158 500 4240 Augustales
523 4162 736 4230 vocarentnr‘.
771 4158 878 4224 Ceteri
901 4177 1019 4242 prosas
1040 4155 1198 4221 orationis
1222 4153 1357 4235 scripto·

168 4286 221 4334 res
242 4267 303 4334 tali
327 4271 399 4336 loeo
421 4274 461 4352 ‚a‘
484 4273 620 4355 ponunt
653 4276 691 4336 ut
715 4269 780 4336 Cio.
802 4269 884 4338 Phil.
907 4270 938 4350 4,
962 4270 993 4339 2.
1016 4271 1051 4334 at
1073 4288 1111 4333 eo
1135 4267 1194 4333 deo
1216 4264 1356 4332 traxisse

169 4385 305 4452 nomen‘
