3086 4972
273 1190 310 1253 ln
331 1188 491 1271 Philologi
512 1192 601 1253 tomo
620 1186 726 1251 XXIX
748 1207 823 1272 pag.
844 1188 907 1252 557
932 1185 1135 1253 Woelfflinus
1156 1186 1197 1252 de
1221 1187 1376 1252 elocutio-

185 1304 236 1368 nis
259 1302 412 1366 Taciteae
433 1298 654 1364 imitatoribus
676 1299 839 1364 disserens
861 1299 995 1365 Florum
1018 1303 1053 1364 et
1076 1300 1283 1364 Ammianum
1305 1299 1376 1364 lau·

186 1416 257 1494 dat;
281 1420 351 1478 tum
368 1414 492 1497 pergit:
517 1412 593 1492 ,Der
614 1411 768 1492 Versuch,
790 1411 843 1477 die
866 1411 1078 1477 stilistischen
1098 1410 1377 1493 Nachahmungen

60 1548 85 1621 i*
186 1526 253 1590 und
276 1526 434 1590 Licenzen
466 1524 554 1589 bloss
588 1546 627 1588 zu
661 1523 772 1607 legen,
810 1522 913 1588 bietet
945 1522 1050 1589 neben
1081 1522 1155 1588 dem
1178 1521 1377 1607 spracblich-

185 1637 362 1702 kritisohen
386 1637 545 1702 interesse
576 1635 660 1701 auch
683 1636 745 1701 den
768 1635 912 1714 Vorteil,
951 1657 1068 1701 unsere
1100 1637 1233 1719 geringe
1256 1632 1373 1698 Kunde

186 1749 267 1814 iiber
297 1749 356 1814 das
378 1749 510 1814 Ansehn
542 1748 599 1813 des
622 1748 753 1813 Tacitus
784 1749 828 1812 irn
852 1751 938 1813 2-4
960 1748 1074 1816 Jahrb.
1104 1770 1134 1817 n.
1157 1747 1229 1817 Chr.
1259 1768 1300 1810 zu
1321 1747 1377 1810 be-

186 1862 355 1928 reichern.‘
379 1860 472 1939 Quod
486 1882 558 1924 curn
570 1859 729 1943 legissem,
743 1861 819 1942 quia
831 1882 890 1944 per
901 1860 1035 1944 aliquod
1044 1865 1172 1943 tempus
1183 1859 1273 1924 Fleri
1285 1856 1377 1922 libris

186 1971 429 2057 pertractandis
452 1993 584 2055 operam
608 1970 781 2052 dederam,
818 1971 907 2038 baud
935 1973 1077 2038 alienum
1111 1994 1131 2037 a
1157 1971 1275 2036 studiis
1298 1969 1379 2034 meis

93 2121 96 2130 ·
187 2085 300 2169 putavi
322 2084 408 2166 fore,
446 2087 474 2150 si
503 2085 611 2150 omnia
641 2105 699 2163 ea,
736 2106 820 2168 quae
839 2085 938 2151 Floro
960 2106 1034 2150 cum
1057 2085 1171 2150 Tacito
1194 2083 1378 2148 communia

187 2196 447 2276 intercederent,
480 2217 638 2280 eruerem¹
659 2201 758 2279 atque
781 2197 976 2282 colligerem.
1022 2197 1128 2262 Huius
1150 2197 1237 2262 enim
1260 2216 1378 2280 operae

189 2309 350 2393 duplicem
372 2308 514 2372 fructum
537 2307 608 2373 fore
634 2307 850 2374 Woelfflinus'
866 2310 1034 2393 promisit,
1072 2330 1144 2374 curn
1176 2312 1211 2374 et
1237 2308 1316 2392 quid
1337 2307 1378 2373 de

65 2501 69 2512 .
190 2421 295 2486 Taciti
318 2421 436 2487 notitia
459 2420 547 2505 apud
568 2421 722 2504 aequales
744 2420 954 2486 iudicandum
977 2427 1080 2502 esset,
1111 2421 1200 2487 Fleri
1232 2420 1378 2504 exemplo

188 2533 419 2616 illustraretur,
443 2537 477 2598 et
499 2555 537 2598 ea
560 2553 644 2616 quae
667 2534 840 2600 Florianae
864 2534 1057 2600 elocutionis
1079 2535 1219 2599 maxime
1243 2533 1377 2617 propria

191 2651 321 2722 essent,
346 2646 489 2729 exceptis
520 2646 578 2722 iis,
600 2647 803 2729 paucissimis
833 2647 980 2730 quidem,
1003 2647 1142 2729 quaein
1170 2651 1242 2712 arte
1264 2645 1380 2710 critica

188 2755 337 2824 facienda
359 2759 419 2822 viri
442 2757 532 2824 docti
554 2757 881 2825 commentationibus
905 2759 971 2825 suis
995 2760 1212 2836 inseruerunt,
1235 2757 1378 2824 nondum

189 2870 272 2935 satis
295 2871 491 2954 investigata
513 2874 548 2935 et
569 2875 738 2954 tamquam
760 2873 795 2936 in
816 2892 915 2936 unum
938 2870 1089 2951 redacta,
1121 2892 1194 2936 cum
1225 2870 1378 2936 dictionis

189 2982 343 3047 Taciteae
373 2983 616 3066 comparatione
646 2985 680 3046 in
712 2983 817 3048 lucem
840 2981 1075 3066 proferrentur.
1118 2983 1162 3048 Et
1184 3004 1258 3048 ecce
1281 2983 1378 3064 ,ultro

187 3093 268 3177 ipsis
301 3093 386 3158 viam
420 3093 638 3178 pandentibus
671 3092 770 3176 iatis‘,
808 3115 882 3160 cum
911 3094 978 3160 iam
1011 3115 1114 3160 essem
1148 3093 1377 3160 dissertatione

189 3204 424 3271 conscribenda
447 3211 635 3290 occupatus,
657 3207 692 3271 in
714 3228 831 3273 manus
852 3227 942 3273 meas
962 3208 1051 3272 venit
1073 3206 1304 3272 commentatio
1326 3205 1378 3286 ,de

188 3319 279 3384 Fleri
311 3339 421 3384 rerum
456 3318 627 3402 scriptoris
661 3320 843 3386 elocutione
876 3340 954 3404 pars
991 3320 1101 3403 prior‘,
1142 3337 1239 3401 quam
1275 3317 1378 3382 edidit

188 3430 350 3496 Thomeus
388 3430 651 3497 Frankensteinii
689 3433 783 3500 1881.
829 3432 900 3510 Qua
935 3430 1206 3497 commentatione
1240 3429 1291 3496 uir
1321 3429 1378 3495 ille

188 3541 304 3608 doctus
326 3542 366 3608 de
388 3541 538 3626 partibus
561 3543 717 3610 orationis
740 3550 774 3609 et
797 3543 837 3609 de
859 3543 1028 3610 enuntiato
1052 3541 1191 3626 simplici
1214 3541 1301 3625 agit,
1324 3561 1377 3605 res

188 3654 231 3720 ad
252 3655 449 3720 rhetoricam
472 3656 672 3739 pertinentes
702 3656 759 3720 alii
781 3655 921 3740 tempori
950 3674 1128 3721 reservans.
1173 3653 1280 3736 Atque
1303 3673 1378 3718 cum

187 3766 248 3832 boc
272 3767 463 3850 opusculum
486 3773 524 3832 ut
544 3789 605 3851 par
628 3767 690 3833 fuit
711 3768 745 3832 in
775 3787 869 3834 usum
898 3788 1006 3833 meum
1029 3770 1219 3832 convertens
1241 3765 1377 3830 nonnul·

86 3941 89 3948 .
186 3878 236 3944 las
259 3900 312 3945 res
335 3880 522 3946 autminus
544 3886 633 3946 recte
649 3881 829 3965 explicatas
850 3885 909 3946 aut
926 3880 1056 3946 omnino
1079 3878 1213 3944 omissas
1235 3897 1307 3943 esse
1328 3877 1377 3942 in-

187 3991 403 4072 tellexissem,
435 3993 520 4059 hano
544 3994 746 4059 occasionem
768 4014 833 4059 non
855 3992 1078 4078 praetermisi,
1112 3991 1192 4074 quin
1214 4011 1254 4057 ea
1276 3989 1376 4055 corri-

187 4123 296 4188 gerem
316 4105 368 4171 rel
390 4104 555 4174 adderem.

274 4216 478 4301 Quamquam
501 4218 541 4283 de
562 4217 654 4283 Flori
676 4218 818 4302 origine,
841 4219 980 4300 nomine,
1002 4217 1071 4283 rita
1092 4215 1185 4288 nihil·
1197 4216 1278 4283 certi
1300 4236 1376 4281 con·

187 4332 271 4408 stat,
301 4334 409 4394 tamen
433 4351 473 4395 ex
495 4331 602 4415 operis
624 4330 829 4415 praefatione
852 4333 882 4414 ξ.
900 4334 926 4394 ’8
956 4351 986 4411 ,a
1010 4329 1148 4395 Caesare
1172 4331 1318 4412 Augusto
1340 4326 1375 4390 in

1223 4435 1240 4495 1
