3086 4972
676 431 830 440 ..ιι-

154 511 319 578 saeculum
339 520 486 579 nostmm
503 513 585 579 haut
601 512 704 579 multo
723 513 829 577 minus
844 513 921 577 anni
939 511 1079 593 ducenti,
1096 513 1213 596 quibus
1228 515 1347 581 inertia

156 621 333 690 Caesarum
349 626 442 708 quasi
458 625 628 691 consenuit
643 624 750 708 adque
764 623 894 694 deuexit
917 623 987 710 (sol.
1000 625 1141 708 populus
1154 625 1345 713 Romanus),

152 736 215 800 nisi
238 735 326 819 quod
341 735 402 802 sub
418 737 580 803 Traniano
595 736 865 821 principemerit
886 736 1026 802 lacertos
1050 744 1082 801 et
1104 743 1235 820 praeter
1257 761 1347 824 spem

152 848 294 913 omnium
310 853 460 916 senectus
472 849 600 933 imperii
612 849 708 932 qna'si
724 848 852 914 reddite
869 849 1038 914 iuventute
1055 849 1202 914 reviruit‘
1219 851 1346 916 conclu·

152 958 293 1025 dendum
309 966 369 1042 est,
385 961 519 1026 Florum
536 961 699 1044 epitomen
715 980 806 1026 suam
823 961 1053 1044 conscripsisse
1070 959 1129 1024 sub
1147 962 1345 1045 imperatore

152 1069 331 1152 Hadriano,
347 1092 411 1154 quo
423 1077 568 1156 tempore
580 1073 712 1137 Tacitus
724 1072 825 1138 libros
841 1093 916 1137 suos
928 1073 993 1136 iam
1005 1075 1038 1137 in
1051 1072 1217 1156 publicum
1231 1075 1345 1139 emise-

151 1188 215 1248 rat.
237 1182 307 1248 Hos
329 1205 350 1249 a
371 1182 470 1248 Floro
493 1189 561 1248 tam
583 1183 757 1267 diligenter
777 1185 879 1249 lectos
902 1204 982 1264 esse,
1010 1190 1048 1249 ut
1070 1186 1139 1249 eius
1162 1186 1301 1251 elocutio
1324 1208 1344 1251 a

151 1293 285 1358 Tacitea
296 1293 446 1377 pendeat,
462 1295 524 1361 hac
537 1297 808 1362 commentatione
823 1295 1106 1361 demonstraturus
1120 1317 1202 1364 sum.
1231 1298 1344 1381 Neque

154 1427 230 1472 vero
253 1411 383 1472 tantum
404 1407 438 1470 in
460 1405 558 1472 rebus
580 1408 623 1473 ad
653 1407 870 1497 elocutionem
891 1407 1131 1491 pertinentibus
1163 1409 1342 1476 similitudo

150 1519 237 1583 inter
252 1519 401 1583 Tacitum
425 1524 459 1584 et
474 1519 607 1584 Florum
630 1518 760 1585 videtur
781 1519 994 1600 intercedere,
1018 1518 1075 1584 sed
1091 1520 1225 1586 Florum
1245 1524 1343 1587 etiam

151 1630 186 1695 in
207 1629 392 1696 hominibus
422 1631 583 1714 rebusque
615 1631 796 1697 indicandis
827 1631 983 1696 nonnulla
1006 1632 1119 1698 Tacito
1152 1632 1269 1698 debere
1301 1634 1344 1699 ad

150 1762 309 1807 summam
331 1741 597 1826 probabilitatem
623 1742 755 1826 perduci
777 1748 894 1826 potest.
934 1744 988 1810 Sic
1010 1765 1065 1809 an.
1087 1745 1112 1824 I,
1136 1748 1155 1808 9
1179 1744 1220 1810 de
1243 1766 1343 1828 regno

150 1852 192 1919 ab
218 1855 368 1948 Augusto
392 1862 541 1938 suscepto
574 1855 711 1937 legitur:
746 1875 821 1936 ,non
851 1855 942 1921 aliud
971 1855 1187 1921 discordantis
1217 1859 1344 1940 patriae

152 1966 332 2032 remedium
348 1966 458 2048 fuisse,
483 1989 579 2050 quam
601 1972 638 2032 ut
653 1962 695 2033 ab
710 1988 774 2032 uno
788 1973 966 2051 regeretur‘
991 1973 1024 2032 et
1041 1988 1093 2032 an.
1112 1969 1136 2048 Ι,
1161 1973 1200 2034 12
1224 1970 1264 2035 de
1284 1971 1344 2035 im·
1371 2015 1377 2026 ·

150 2079 243 2162 perio
276 2099 298 2142 a
332 2078 462 2146 Tiberio
497 2078 701 2163 suscipiendo
741 2099 851 2160 ,unum
881 2100 951 2146 esse
982 2063 1200 2164 reipublicae
1225 2101 1343 2164 corpus

151 2189 222 2277 (cfr.
246 2191 279 2257 h.
302 2191 328 2272 Ι,
354 2193 408 2278 16)
432 2197 531 2275 atque
554 2193 650 2257 unius
673 2191 781 2257 animo
804 2192 1002 2276 regendum!
1042 2191 1094 2257 Ad
1116 2192 1197 2257 haee
1220 2192 1342 2276 optime

151 2303 363 2385 conveniunt,
394 2324 479 2386 quae
501 2304 617 2369 Florus
639 2303 695 2385 IV',
717 2304 748 2385 3,
771 2303 829 2390 5¹)
852 2303 892 2369 de
915 2310 1065 2388 Augusto
1088 2303 1184 2369 dicit:
1222 2310 1343 2388 ,gratu-

150 2414 283 2480 landum
305 2421 415 2481 tamen
437 2421 474 2481 ut
495 2417 530 2481 in
553 2421 647 2481 tanta
669 2414 914 2500 perturbatione
937 2421 1004 2496 est,
1027 2414 1115 2500 quod
1137 2411 1343 2500 potissimum

150 2527 193 2592 ad
224 2527 397 2594 Octavium
427 2526 599 2593 Caesarem
623 2527 807 2612 Augustum
837 2548 962 2593 summa
993 2548 1104 2593 rerum
1132 2528 1247 2610 rediit,
1286 2529 1343 2613 qui

150 2640 312 2723 sapientia
334 2661 393 2705 sua
425 2640 532 2723 adque
563 2640 711 2706 sollertia
732 2640 918 2724 perculsum
940 2639 1084 2723 undique
1106 2660 1145 2706 ac
1167 2639 1340 2724 perturba-

149 2756 220 2817 tum
243 2753 406 2818 ordinavit
427 2754 555 2835 imperii
577 2773 705 2838 corpus,
729 2751 816 2835 quod
837 2752 919 2818 haut
941 2751 1038 2817 dubie
1061 2773 1238 2836 numquam
1256 2751 1342 2817 coire

154 2870 187 2929 et
210 2865 393 2929 consentire
415 2865 592 2947 potuisset,
627 2865 688 2930 nisi
712 2866 807 2930 unius
830 2864 990 2949 praesidis
1014 2870 1096 2929 nutu
1117 2865 1212 2946 quasi
1236 2865 1345 2929 anima

157 2981 190 3040 et
212 2981 319 3041 mente
342 2981 531 3059 regeretur‘.
554 3015 598 3024 -
620 2997 672 3042 an.
695 2977 754 3056 ΙΙΙ,
778 2977 830 3042 27.
869 2977 1002 3042 Tacitus
1026 2975 1203 3054 Gracchos,
1229 2976 1341 3042 Satur-

154 3087 288 3168 ninum,
300 3087 444 3152 Drusum
460 3087 549 3152 nullo
566 3088 751 3153 discrimine
767 3090 852 3153 inter
875 3109 929 3154 eos
951 3087 1038 3152 iacto
1060 3093 1098 3152 ut
1117 3087 1259 3152 nefarios
1276 3107 1345 3152 sce·

156 3199 321 3282 lestosqne
342 3199 489 3265 homines
513 3199 724 3266 condemnat:
757 3200 841 3281 ,hinc
864 3199 1004 3266 Gracchi
1027 3205 1061 3264 et
1085 3198 1253 3265 Saturnini
1275 3204 1345 3262 tur-

152 3310 284 3377 batores
320 3310 442 3395 plebis,
480 3334 539 3377 nec
569 3313 675 3378 minor
703 3311 843 3396 largitor
873 3312 1002 3376 nomine
1034 3317 1167 3376 senatus
1199 3311 1343 3396 Drusus3

40 3497 43 3504 ,
153 3423 299 3508 corrupti
333 3444 390 3507 spe
426 3429 484 3488 aut
520 3424 618 3489 inlusi
655 3445 716 3509 per
752 3424 1016 3490 intercessionem
1054 3423 1154 3489 socii‘·
1207 3423 1345 3490 Prorsus

154 3534 291 3602 eandem
317 3533 433 3601 horum
463 3536 605 3600 virorum
637 3529 811 3618 imaginem
834 3535 951 3602 Florus
972 3535 1033 3616 Ill,
1066 3538 1117 3612 12,
1140 3539 1171 3602 8.
1197 3539 1344 3603 Ι3.-18.

155 3647 310 3733 depingit,
335 3647 375 3714 de
398 3647 611 3728 tumultibus,
634 3648 832 3731 terroribus,
853 3647 1022 3730 ludibriis,
1056 3646 1210 3714 caedibus
1232 3667 1345 3715 eorum

154 3761 302 3844 loquens.
336 3799 381 3812 -
414 3782 465 3830 an
487 3760 553 3842 III,
589 3764 639 3830 76,
676 3761 810 3828 Tacitus
839 3782 992 3846 pompam
1020 3762 1055 3825 in
1085 3759 1197 3827 funere
1227 3759 1345 3832 Juniae

156 3872 192 3942 Ο.
216 3872 322 3939 Cassii
345 3874 467 3956 uxoris,
491 3873 535 3938 M.
559 3873 654 3938 Bruti
674 3873 794 3940 sororis
817 3893 956 3940 narrans
979 3873 1118 3940 Brutum
1141 3879 1175 3939 et
1197 3872 1345 3939 Cassium

244 4063 270 4129 l)
287 4061 378 4118 Verba
395 4062 542 4120 secundum
560 4063 706 4120 editionem
717 4063 889 4120 Halmianam
901 4062 978 4134 Lips.
995 4063 1073 4120 1871.
1091 4063 1179 4132 attuli,
1196 4060 1345 4132 etquidem

156 4155 295 4224 vulgarem
314 4157 534 4212 cousuetudinem
552 4159 673 4212 retinens
692 4172 739 4214 eor
762 4173 889 4214 numeros
913 4165 1113 4226 mortuarum,
1137 4172 1204 4228 quos
1222 4155 1346 4212 Halmius

156 4251 235 4306 ureb
252 4250 371 4308 inclusit.
406 4251 447 4306 De
465 4253 603 4308 nonnullis
620 4253 699 4322 locis,
724 4253 822 4324 quibus
846 4253 881 4310 ab
899 4251 1006 4310 Halmio
1029 4253 1174 4321 durantio,
1201 4251 1274 4306 inira
1291 4249 1345 4306 dis-

157 4359 252 4402 seram.
