3086 4972
725 355 745 417 6

658 445 813 454 ——--

211 527 375 592 -Plurima
396 526 461 592 alia
481 527 637 610 exempla,
660 548 744 610 quae
766 526 830 590 hnc
850 525 1023 608 pertinent,
1047 544 1105 588 suo
1120 523 1192 587 looo
1211 541 1330 584 memo-

142 638 311 706 rabuntur.
335 638 399 704 Sed
421 644 595 722 antequem
618 639 749 703 adrem
774 639 878 722 ipsam
902 659 999 721 quam
1021 636 1101 701 mihi
1124 635 1329 700 tractandam

142 752 307 835 proposui,
327 750 457 831 accedo,
482 771 546 815 non
562 751 889 835 praetermittendum
906 757 965 830 est,
990 748 1330 814 interamnanam

67 869 73 880 ’
143 865 178 928 in
200 863 281 927 Phil.
305 867 394 929 tomo
416 863 538 928 XXXI.
561 884 633 946 pag.
659 864 1038 928 342-48e1551-62.
1062 861 1102 925 de
1120 861 1232 924 Tacito
1250 859 1332 923 Livii

142 971 307 1045 imitatore
330 976 542 1040 disserentem
566 996 638 1058 pag.
665 978 738 1042 557.
761 997 836 1044 ann.
860 979 879 1039 9
903 975 1032 1054 dixisse,
1057 973 1247 1039 elocutionis
1271 971 1332 1034 Ta-

145 1088 249 1152 citeae
272 1093 305 1152 et
327 1087 353 1151 F
354 1088 498 1152 lorianae
521 1088 763 1153 similitudinem
787 1086 829 1152 ad
852 1108 1053 1152 communem
1076 1087 1156 1150 Livii
1179 1085 1334 1148 imitatio-

146 1220 218 1263 nem
248 1199 463 1265 revocandam
494 1220 564 1264 esse
576 1199 611 1286 ¹).
657 1199 859 1283 Quamquam
889 1200 950 1266 hoo
980 1199 1069 1264 nullo
1102 1198 1197 1263 modo
1221 1197 1333 1279 negari

145 1314 272 1395 potest,
309 1311 442 1376 Florum
476 1313 617 1395 plurima
640 1313 731 1378 Livio
765 1312 882 1377 debere
917 1333 1021 1396 neque
1052 1312 1113 1377 hoc
1146 1310 1242 1374 aliter
1263 1307 1334 1373 fieri

149 1423 303 1506 potuisse,
327 1443 401 1487 cum
424 1424 540 1488 Florus
564 1445 603 1488 ex
624 1425 708 1488 Livii
736 1425 873 1489 historia
897 1426 990 1507 quasi
1021 1423 1109 1489 fonte
1139 1423 1286 1488 hauserit
1296 1423 1333 1504 ²),

145 1539 255 1599 tamen
293 1534 516 1600 Wiedemanni
550 1537 743 1601 sententiam
786 1537 873 1601 omni
908 1559 948 1602 ex
988 1543 1081 1620 parte
1115 1541 1238 1600 rectam
1270 1554 1334 1598 non

148 1667 235 1726 esse,
274 1646 332 1711 sed
366 1647 463 1712 Floro
501 1649 599 1712 etiam
630 1648 735 1713 Taciti
768 1647 869 1714 libros
901 1657 997 1715 notos
1030 1648 1128 1713 fuisse
1161 1669 1201 1712 ex
1232 1667 1336 1711 exem-

145 1760 219 1844 plis,
248 1779 333 1842 quae
354 1759 419 1823 iam
442 1759 548 1841 attuli,
571 1767 709 1844 apparet
731 1767 764 1826 et
785 1763 835 1844 iis,
859 1783 942 1845 quae
964 1768 1079 1846 postea.
1110 1759 1337 1825 memorabun-

149 1877 214 1952 tur,
238 1871 478 1938 demonstrabo.
524 1872 587 1938 Sed
609 1894 649 1938 ne
672 1875 705 1936 in
729 1873 827 1940 dubio
851 1881 955 1955 esset,
994 1874 1072 1958 quid
1096 1875 1211 1940 Florus
1234 1875 1336 1955 Livio,

148 1984 227 2067 quid
249 1984 362 2050 Tacito
386 1981 522 2066 debeat,
554 1987 654 2050 etiam
676 1987 759 2051 Livii
782 1985 816 2050 in
837 1987 900 2050 hac
923 1989 1113 2071 quaestione
1136 1986 1337 2051 instituenda

148 2097 309 2162 rationem
331 2095 441 2178 habui,
466 2097 554 2162 haud
576 2097 739 2181 ignorans,
764 2120 828 2163 non
851 2101 932 2164 satis
947 2097 1147 2163 fructuosam
1168 2120 1238 2163 esse
1253 2097 1337 2164 hanc

151 2229 282 2292 operam
306 2208 349 2274 ad
371 2209 523 2274 dictionis
546 2210 720 2275 Florianae
742 2213 977 2294 proprietatem
1001 2212 1276 2294 cognoscendam,
1311 2212 1338 2276 si

151 2321 261 2387 omnia
283 2342 322 2386 ea
344 2321 608 2401 excluderentur,
632 2342 715 2405 quae
738 2323 843 2387 Taciti
867 2344 939 2389 vere
962 2324 1096 2407 propria
1128 2345 1193 2388 non
1222 2331 1340 2392 essent.

151 2432 286 2499 Omnem
310 2438 419 2498 autem
441 2431 611 2498 materiam
634 2435 682 2498 ita
712 2434 848 2518 digessi,
876 2442 913 2500 ut
943 2437 1104 2520 syntaxim
1128 2436 1295 2501 Taciteam
1318 2459 1338 2501 a

237 2633 262 2704 1)
280 2631 318 2689 Ut
329 2631 462 2687 nonnulla
475 2633 599 2702 exempla
609 2649 626 2688 a
638 2633 833 2689 Wiedemanno
851 2633 942 2701 allata,
963 2649 1030 2704 quae
1048 2634 1122 2690 inira
1133 2634 1207 2690 haud
1219 2635 1257 2689 ita
1269 2633 1339 2688 bene

151 2725 257 2782 laudari
274 2731 397 2796 possunt,
414 2726 534 2795 afferam,
553 2727 602 2784 cfr.
621 2726 679 2780 Liv.
700 2727 721 2795 I,
740 2727 781 2794 28,
807 2729 833 2784 6.
857 2729 967 2796 ,Mettus
987 2729 1104 2783 foederis
1123 2727 1238 2784 Romani
1258 2729 1339 2784 Alba·

150 2824 234 2893 nique
251 2824 363 2892 rupton‘
381 2823 455 2890 ,Tac
472 2822 500 2878 5.
512 2822 559 2890 IV,
577 2822 619 2877 57.
640 2827 773 2891 ,ruptores
788 2821 944 2878 foederum!
971 2823 1044 2878 Flor.
1068 2824 1089 2892 1,
1107 2824 1132 2890 3,
1150 2826 1174 2879 8.
1193 2830 1339 2893 ,ruptorem

151 2917 268 2973 foederis
285 2919 399 2972 Mettum
417 2916 571 2972 Fufetium‘.
593 2947 624 2957 -
637 2917 699 2973 Lis.
718 2915 752 2983 X,
769 2920 795 2988 4,
814 2920 836 2972 i.
856 2927 936 2989 ,tecta
949 2921 1091 2980 semiruta‘.
1111 2921 1175 2975 Tac.
1192 2936 1236 2974 an.
1254 2920 1275 2987 1,
1293 2921 1336 2974 61.

152 3013 289 3082 ,55155515
306 3012 386 3068 vallo‘
410 3013 485 3068 Flon
503 3014 538 3070 ΙΙ.
557 3017 624 3078 (non
642 3020 673 3068 ut
690 3016 823 3072 Wiedem.
841 3016 900 3084 IV.)
921 3019 960 3084 15,
981 3019 1021 3071 13.
1045 3032 1113 3084 ,oum
1131 3017 1258 3070 semiruta
1277 3013 1340 3067 Car-

153 3107 282 3177 thagine}
301 3139 332 3150 -
352 3107 414 3164 Lis.
442 3109 516 3178 XXI,
536 3113 620 3179 21,1.
648 3125 739 3182 ,seque
756 3127 811 3166 non
831 3111 926 3166 ducem
944 3111 1037 3177 solum,
1065 3111 1113 3165 sed
1132 3111 1212 3166 etiam
1230 3099 1338 3165 causam

154 3217 213 3259 esse
231 3204 312 3261 belli‘.
349 3205 405 3260 Tae
431 3204 525 3274 h.111,
551 3206 594 3263 70.
620 3223 684 3275 ,non
708 3207 762 3262 iam
785 3209 947 3276 imperator,
972 3207 1020 3261 sed
1047 3212 1152 3262 tantum
1179 3222 1259 3260 causa
1277 3206 1342 3260 belli

155 3302 229 3355 erat‘.
265 3298 453 3369 Flor.11,16,
476 3302 502 3357 2.
528 3300 672 3369 ,critolaus
702 3317 784 3359 causa
806 3302 887 3358 belli‘.
906 3332 938 3341 -
957 3300 1017 3358 Liv.
1039 3301 1104 3369 VII,
1132 3303 1177 3370 11,
1206 3303 1231 3354 3.
1261 3300 1343 3370 ,quod

155 3393 309 3450 sacerdotes
331 3409 423 3451 eorum
449 3395 553 3453 facibus
578 3397 736 3454 ardentibus
758 3399 946 3468 anguibusque
973 3396 1103 3467 praelatis
1126 3397 1232 3450 incessu
1253 3395 1344 3450 furiali

155 3489 268 3544 militem
281 3489 432 3546 Romanrmr
449 3492 558 3547 insueta
574 3493 751 3549 turbaverunt
768 3493 874 3564 specie‘.
894 3493 957 3547 Tac.
975 3507 1017 3546 an.
1031 3491 1104 3558 XIV,
1122 3490 1164 3546 30.
1183 3491 1219 3558 ,in
1235 3489 1343 3544 modum

158 3585 287 3640 furiarum
304 3591 380 3642 veste
400 3585 493 3655 ferali,
517 3588 636 3643 crinibus
654 3588 765 3644 deiectis
783 3590 857 3644 faces
873 3587 1079 3658 praeferebant‘
1115 3584 1229 3653 Flor.1,
1256 3585 1296 3653 11,
1320 3586 1344 3640 1.

157 3680 310 3749 ‚Fidenae.
391 3681 483 3737 furiali
500 3677 574 3738 more
591 3690 793 3754 processerant3
822 3684 870 3738 sed
893 3682 1002 3738 habitus
1020 3681 1067 3736 1115
1085 3680 1177 3736 feralis
1197 3679 1345 3735 eversionis

157 3791 237 3832 omen
252 3775 320 3833 init‘.

245 3873 274 3938 2)
305 3871 364 3926 Hoc
381 3872 434 3943 ipsi
451 3873 524 3927 tituli
541 3874 569 3927 in
589 3875 666 3929 codd.
684 3881 823 3930 exstantes
845 3874 973 3929 indicant.
1008 3871 1129 3927 Exhibet
1152 3871 1224 3925 enim
1239 3869 1347 3925 Bamb.:

162 3966 319 4036 ,Epithoma
334 3967 393 4021 Jnli
411 3966 486 4021 Flori
509 3966 543 4022 de
561 3969 623 4022 Tito
642 3968 721 4024 Livio
742 3970 874 4024 bellorum
898 3969 1015 4023 omnium
1040 3983 1172 4023 annornm
1191 3966 1347 4036 septingen-

160 4065 249 4116 torum
266 4061 328 4116 libri
347 4063 415 4128 eta‘,
433 4061 531 4117 Nazar.
550 4070 650 4118 autem:
680 4064 721 4132 ,L.
740 4067 831 4118 Annei
849 4065 925 4119 Flori
942 4063 1059 4134 epitoma
1078 4061 1112 4116 de
1128 4061 1192 4115 Tito
1209 4060 1288 4114 Livio
1307 4059 1347 4113 in-

161 4155 227 4226 cipit
244 4156 312 4211 liber
330 4156 432 4226 primus
451 4162 519 4228 eta‘,
542 4159 638 4227 quibus
663 4160 697 4214 de
714 4161 801 4214 titulis
825 4160 877 4214 viri
895 4158 967 4213 docti
991 4157 1019 4211 in
1037 4157 1127 4212 varias
1144 4155 1271 4211 abierunt
1288 4166 1348 4206 sen·

162 4252 275 4308 tentiae.
295 4282 328 4294 -
347 4252 388 4306 De
406 4253 481 4308 Flori
501 4254 621 4310 lontibus
639 4262 667 4310 et
684 4256 806 4325 inprimis
824 4255 858 4311 de
876 4255 955 4310 Livio
973 4253 1085 4310 Carolus
1103 4251 1225 4324 Heynius
1244 4249 1302 4318 agit
1320 4247 1348 4301 in

164 4347 227 4402 diss.
263 4347 343 4404 Bonn
363 4351 439 4408 1866.
457 4351 500 4421 ,de
517 4351 601 4406 Floro
618 4351 754 4407 historico‘
770 4370 832 4425 pag.
850 4352 892 4409 35.
911 4368 969 4423 sqq.
