3086 4972
716 393 870 493 *ra-

197 572 307 633 natum
332 571 399 638 est‘
423 568 483 648 ΙΙΙ,
509 571 558 649 11,
574 566 605 634 4.
631 568 675 647 ,in
698 567 928 651 septentrione,
952 566 994 633 ad
1017 561 1193 637 orientem‘.
1214 566 1389 632 Praeterea

196 681 452 764 praepositiones
469 703 488 746 a
504 680 632 745 casibus
648 679 871 763 excipiuntur:
895 679 921 762 1,
945 682 975 761 6,
993 682 1023 746 3.
1047 678 1181 760 ,relatus
1196 679 1230 745 in
1246 698 1392 756 censum,

197 790 343 874 digestus
365 794 398 856 in
422 795 552 872 classes,
574 792 716 857 decuriis
738 791 845 876 adque
868 790 1013 876 collegiis
1035 790 1252 859 distributus‘.
1285 791 1312 872 Ι,
1338 793 1388 871 16,

204 909 253 981 ll.
278 910 325 984 ,ut
346 926 404 970 nec
426 905 523 970 amici
545 904 653 970 forent
673 903 830 970 beneficio
853 909 887 970 et
908 909 984 989 post
1005 903 1167 990 flagitium
1189 903 1300 970 hostes
1322 925 1390 969 ma-

198 1016 257 1099 gis.
282 1017 334 1097 lV,
361 1020 410 1096 11,
436 1023 463 1084 7.
486 1037 556 1098 ,nec
578 1016 646 1082 ulla
667 1038 703 1082 re
725 1016 858 1100 magis.
883 1066 891 1085 .
917 1067 925 1086 .
949 1038 1047 1102 quam
1069 1023 1143 1102 post
1164 1017 1356 1086 victoriam}

286 1129 334 1194 De
357 1129 596 1214 particularum
618 1127 759 1212 denique
780 1128 961 1196 variatione
983 1151 1013 1214 p.
1037 1132 1090 1196 24.
1114 1127 1240 1194 dictum
1263 1133 1324 1197 est.

160 1223 163 1229 ¹
283 1241 332 1304 Ao
354 1242 508 1325 quoniam
532 1239 572 1306 de
595 1241 752 1306 orationis
774 1241 956 1308 variatione
979 1241 1102 1306 dictum
1126 1247 1176 1306 est
1197 1241 1239 1306 in·
1252 1241 1391 1307 mentio·

197 1373 271 1418 nem
293 1353 393 1418 incidi
417 1352 647 1418 nonnullorum
663 1352 804 1419 aliorum
820 1353 1049 1437 exemplorum,
1073 1375 1166 1437 quae,
1189 1374 1390 1439 quamquam

198 1464 238 1528 ud
257 1467 502 1548 grammaticam
516 1465 683 1531 formalem
694 1466 870 1550 pertinent,
886 1470 997 1531 tamen
1008 1465 1069 1532 hoc
1085 1466 1156 1532 loco
1170 1487 1233 1533 non
1246 1470 1389 1550 praeter·

198 1577 358 1642 mittenda
375 1584 469 1662 sunt,
498 1577 569 1644 dico
593 1583 704 1644 autem
725 1578 834 1644 varias
857 1577 1002 1644 eiusdem
1025 1578 1174 1645 vocabuli
1196 1577 1328 1660 formas,
1352 1577 1393 1644 de

198 1711 336 1772 quarum
358 1712 420 1756 usu
443 1689 576 1756 Taciteo
593 1688 804 1757 Woelfflinus
831 1691 867 1756 in
888 1690 970 1758 Phil.
1001 1695 1025 1761 t.
1044 1691 1149 1761 XXV.
1179 1712 1211 1777 p.
1236 1694 1298 1756 102
1321 1711 1392 1775 sqq.

198 1802 266 1884 agit
301 1803 353 1867 Sic
375 1803 490 1868 Florus
513 1803 557 1880 ΙΙ,
581 1804 611 1884 6,
628 1806 668 1867 36
693 1811 842 1880 ‚rursum‘
865 1800 973 1885 habet,
996 1801 1131 1888 reliquis
1146 1803 1228 1870 loeis
1250 1807 1393 1886 ,rursust

199 1950 241 1961 -
265 1913 455 1995 ,ariversum‘
486 1915 529 1996 ΙΙ,
555 1919 605 1996 17,
629 1915 659 1981 3.
690 1915 771 1982 alias
793 1915 961 1988 adversus.
983 1956 1027 1966 —
1049 1915 1155 1984 vincla
1176 1916 1237 1995 ΙΙΙ,
1267 1918 1317 1997 10,
1344 1919 1393 1984 te.

200 2025 291 2111 (an.
315 2027 462 2102 ,vincula‘
487 2027 629 2114 exhibet)
654 2027 734 2094 alias
751 2026 945 2109 ,vinculum
961 2065 1005 2100 -,
1025 2027 1204 2112 ,deprensa‘
1226 2029 1272 2110 ΙΙ,
1294 2032 1345 2108 la,
1362 2031 1392 2094 7.

199 2138 390 2224 ,deprendit
420 2141 464 2220 ΙΙ,
489 2145 538 2221 17,
563 2143 615 2211 la.
656 2139 750 2228 (Nan.
773 2138 1008 2224 ‚deprehendit‘
1029 2139 1155 2229 hahet.)
1194 2140 1266 2207 Sed.
1290 2140 1317 2220 I,
1342 2142 1392 2220 11,

203 2259 250 2323 13.
273 2252 517 2338 ‚deprehenditt

747 2698 835 2789 111.

562 2918 611 2999 llo
639 2915 809 3000 orationis
836 2915 1022 3000 brevitate.

287 3125 385 3190 Floro
408 3126 611 3210 prepositum
635 3129 716 3208 erat,
741 3147 793 3192 res
809 3147 829 3192 a
843 3124 999 3192 Romanis
1015 3146 1095 3210 pace
1118 3124 1269 3212 belloque
1284 3131 1395 3212 gestas

200 3258 312 3321 presse
335 3243 367 3302 et
390 3239 530 3303 strictim
553 3259 716 3305 enarrare.
762 3237 820 3307 cir.
843 3236 946 3322 praef.
981 3241 1012 3319 ξ.
1036 3242 1066 3306 3.
1097 3237 1142 3319 ,in
1171 3236 1263 3304 brevi
1297 3239 1391 3323 qnasi

182 3339 323 3415 *tabella
345 3354 451 3416 totam
475 3355 544 3416 eius
576 3351 646 3435 (sol.
670 3350 784 3435 populi
806 3349 959 3438 Romani)
990 3350 1165 3434 imaginem
1188 3349 1391 3434 amplectar‘.

201 3461 313 3545 Neque
334 3467 443 3528 tamen
466 3464 583 3527 Florus
605 3464 667 3529 hoo
688 3464 860 3529 consilium
890 3463 938 3528 ita
970 3467 1143 3528 exsecutus
1165 3466 1234 3545 est,
1267 3467 1306 3527 ut
1338 3483 1391 3528 res

201 3577 330 3640 tantum
359 3576 492 3642 maioris
522 3577 677 3641 momenti
710 3579 958 3661 memoratuque
991 3574 1199 3660 dignissimas
1228 3580 1390 3655 narraret,

199 3688 298 3752 immo
322 3688 491 3754 consilium
516 3709 611 3753 suum
633 3688 729 3772 plane
750 3688 924 3772 neglegens
947 3690 1046 3754 etiam
1069 3709 1121 3753 res
1143 3687 1281 3754 leviores
1298 3683 1390 3753 fabu-

198 3798 370 3885 larumque
393 3800 509 3866 decore
539 3806 712 3867 exornatas
742 3801 898 3882 tradidit,
933 3821 971 3867 eo
1004 3805 1134 3868 tantum
1164 3799 1317 3880 oonsilio,
1352 3806 1391 3866 nt

200 3912 343 3978 studium
367 3919 400 3978 et
421 3912 563 3980 favorem
589 3916 765 3998 legentium
790 3920 947 3998 captaret.
977 3913 1040 3980 Sed
1063 3935 1136 3978 curn
1159 3912 1265 3979 Taciti
1286 3911 1389 3978 libros

198 4025 401 4110 perlegisset,
425 4049 497 4092 eum
520 4025 632 4110 fugere
650 4046 716 4092 non
738 4026 855 4110 potuit,
886 4025 1035 4091 Tacitum
1057 4026 1091 4090 in
1114 4024 1212 4091 rebus
1234 4045 1389 4093 enarran-

199 4137 249 4204 dis
271 4139 409 4204 eximiae
432 4138 561 4204 cuidam
583 4137 740 4205 brevitati
761 4137 911 4205 studere:
944 4137 1030 4204 hanc
1053 4137 1248 4204 brevitatem
1269 4137 1388 4204 Florus

198 4251 347 4318 imitatus
370 4258 420 4317 est
441 4253 481 4316 iis
503 4251 604 4334 locis,
643 4250 761 4336 quibus
792 4250 835 4318 ad
856 4252 925 4318 veri
946 4250 1096 4318 historici
1117 4271 1235 4317 munus
1256 4249 1387 4316 rediens

199 4383 253 4428 res
271 4363 384 4448 gestas
406 4363 600 4451 simpliciter
622 4370 737 4433 namot
759 4384 863 4449 eaque
884 4384 960 4432 vere
982 4384 1017 4430 se
1035 4363 1173 4448 praebet
1188 4363 1294 4432 Taciti
1315 4362 1387 4428 imi·
