3086 4972
525 964 574 1046 lla
602 927 772 1046 orationis
798 965 1005 1048 variatione.

255 1171 481 1239 Boetticherus
502 1170 537 1237 in
559 1171 664 1239 lexico
687 1171 821 1240 Taciteo
851 1172 891 1239 de
922 1173 989 1239 stili
1012 1173 1135 1240 Tacitei
1157 1176 1359 1259 proprietate

167 1284 267 1352 verba
298 1284 420 1353 faciens
448 1286 656 1371 potissimum
690 1285 861 1352 varietatis
870 1286 907 1373 ¹),
944 1286 1114 1352 brevitatis
1148 1293 1181 1353 et
1211 1290 1358 1372 poeticae

167 1397 287 1465 indolis
307 1399 505 1466 mentionem
528 1399 625 1486 faoit;
648 1398 762 1484 itaque
784 1398 883 1464 etiam
904 1398 1008 1480 nobis,
1029 1420 1114 1482 quae
1137 1400 1269 1468 eFloro
1292 1387 1357 1467 buc

168 1511 239 1577 crui
259 1512 397 1597 possint,
419 1511 647 1597 investiganda
669 1515 756 1578 sunt.

255 1624 345 1704 Quae
366 1624 467 1709 igitur
489 1624 656 1710 pertinent
676 1621 719 1689 ad
740 1623 898 1690 orationis
928 1625 1156 1705 variationem,
1193 1626 1282 1692 haud
1311 1628 1359 1692 ita

167 1737 274 1803 multa
295 1741 389 1819 sunt,
423 1758 507 1820 quae
537 1737 701 1803 mentione
731 1735 832 1820 digna
852 1734 1035 1804 videantur.
1081 1739 1189 1822 Atque
1219 1741 1359 1823 primum

168 1849 300 1935 quidem
315 1849 431 1915 Florus
446 1849 605 1915 orationis
619 1847 795 1914 variandae
817 1848 925 1916 studio
948 1848 1066 1916 ductus
1083 1850 1171 1915 intra
1187 1854 1359 1920 enuntiata

168 1962 371 2048 singulorum
392 1959 612 2028 membrorum
632 1961 885 2028 concinnitatem
907 1982 1010 2046 aeque
1033 1984 1072 2028 ac
1088 1963 1222 2030 Tacitus
1246 1965 1357 2032 violat.
1453 1995 1456 2004 ·
1536 1939 1537 1992 3

168 2076 227 2142 cfr.
247 2076 366 2160 Draeg.
387 2096 420 2159 p.
444 2075 496 2144 92.
520 2075 574 2140 Ita
595 2075 683 2140 inter
697 2095 732 2140 se
746 2078 992 2159 permutantur:
1013 2073 1047 2162 a)
1071 2095 1184 2142 casus:
1208 2077 1233 2158 Ι,
1259 2080 1309 2158 16,
1328 2083 1357 2146 3.

168 2187 331 2272 ,Omnium
352 2209 418 2255 non
439 2187 536 2254 modo
558 2188 686 2268 Italiae,
710 2186 768 2253 sed
781 2192 853 2254 toto
870 2186 947 2253 orbe
963 2191 1126 2253 terrarum
1141 2188 1361 2273 pulcherrima

169 2301 367 2384 Campaniae
385 2299 484 2385 plaga
508 2305 577 2366 est‘
594 2338 636 2348 —-
651 2299 689 2384 b)
712 2298 875 2365 ablativus
891 2305 924 2365 et
938 2299 1166 2385 participium:
1190 2301 1248 2381 IV,
1265 2305 1295 2381 9,
1313 2306 1362 2373 79,

168 2414 245 2496 ,sive
273 2417 424 2498 respectu
453 2412 642 2497 fragilitatis
674 2411 851 2492 humanae,
882 2412 949 2477 sive
971 2413 1104 2477 nimiam
1132 2433 1361 2497 prosperorum

167 2530 352 2610 suspectam
374 2525 499 2592 habcn's
515 2524 815 2591 continuationem‘
837 2562 881 2572 -
903 2523 935 2610 c)
958 2524 1100 2589 activum
1124 2530 1158 2590 et
1179 2527 1359 2610 passivumg

166 2637 223 2718 lV,
255 2640 286 2716 6,
322 2640 352 2705 ὅ.
390 2658 474 2720 ,cum
507 2637 648 2702 recisum
669 2635 837 2703 Ciceronis
866 2642 966 2721 capnt
994 2635 1028 2700 in
1059 2637 1125 2702 illis
1153 2638 1220 2703 suis
1243 2639 1359 2704 rostris

169 2748 295 2817 videret
317 2770 377 2815 nec
399 2749 497 2815 aliter
519 2749 562 2814 ad
583 2748 757 2815 videndum
779 2771 862 2831 eum,
895 2770 991 2834 quarn
1017 2749 1142 2815 solebat
1164 2750 1206 2815 ad
1229 2751 1362 2816 audien·

170 2862 260 2941 dum,
275 2867 551 2947 concurreretur.
563 2903 606 2914 -
619 2861 654 2947 d)
666 2882 825 2954 personae
840 2860 946 2927 verbi:
970 2863 1013 2942 ΙΙ,
1030 2863 1060 2943 9,
1077 2866 1128 2930 13.
1152 2863 1361 2949 ,trepidatum
1384 2881 1395 2894 ¹

167 2981 226 3056 est,
249 2974 306 3041 sed
333 3025 342 3044 .
365 3025 373 3040 .
396 3027 404 3046 .
426 3024 435 3044 .
454 2975 633 3045 evasimus‘.
648 3012 690 3023 —
706 2973 739 3062 e)
762 2973 1003 3041 substantivum
1026 2981 1059 3040 et
1080 2975 1277 3042 infinitivus:
1300 2976 1359 3057 IV,

168 3091 198 3168 2,
223 3091 274 3156 78.
313 3087 500 3172 ,plurimum
523 3093 682 3170 quantum
707 3086 828 3154 favoris
849 3086 951 3153 dabat
971 3086 1161 3154 fraternitas
1184 3087 1302 3154 ducum
1325 3093 1359 3153 et

165 3221 226 3285 pro
249 3221 314 3267 uno
336 3199 417 3267 duos
441 3205 529 3265 stare
552 3193 744 3284 Pompeios‘.
775 3238 819 3249 —
846 3197 876 3285 s)
907 3200 1068 3284 genitivus
1091 3206 1125 3266 et
1145 3199 1358 3268 adiectivum:

167 3311 212 3390 Il,
247 3317 297 3392 19,
329 3316 361 3384 3.
391 3311 556 3393 ,ferociam
578 3311 742 3378 Thracum
765 3310 939 3396 disciplina
961 3312 1174 3380 Macedonica
1198 3319 1360 3399 tempera·

167 3428 261 3495 vere.‘
284 3424 325 3505 ΙΙ,
350 3426 402 3506 14,
431 3424 463 3492 4.
486 3423 543 3505 ΙΙΙ,
568 3427 598 3505 9,
622 3425 650 3493 7.
669 3459 712 3472 -
734 3423 769 3511 g)
799 3423 1035 3491 substantivum
1067 3432 1100 3490 et
1123 3427 1283 3510 genitivus
1306 3447 1360 3511 ge·

166 3535 292 3602 rundii:
315 3535 376 3619 ΙΙΙ,
402 3539 452 3619 12,
479 3539 527 3605 13.
551 3537 764 3622 ,principatus
787 3542 820 3604 ct
840 3536 1028 3608 dominandi
1051 3537 1188 3622 cupido‘.

255 3648 380 3715 Deinde
412 3649 529 3716 Florus
558 3649 655 3716 modo
685 3670 802 3717 nomen
832 3651 954 3735 gentis,
992 3650 1089 3716 modo
1110 3657 1220 3718 terrae
1243 3673 1359 3719 nomen

168 3761 319 3828 adhibet:
342 3760 368 3844 Ι,
392 3766 422 3844 9,
446 3767 476 3829 7.
500 3762 595 3843 ,inter
610 3762 742 3829 Latium
756 3761 863 3848 adque
879 3763 1056 3830 Etruscos‘
1078 3763 1140 3846 Ill,
1165 3767 1194 3847 1,
1220 3768 1268 3834 19.
1292 3786 1361 3851 ,per

168 3873 302 3940 Mauros
323 3874 430 3959 adque
455 3873 658 3946 Gaetuliam‘.
693 3875 754 3958 ΠΙ,
780 3879 832 3958 12,
853 3878 885 3944 4.
909 3878 959 3957 18,
983 3878 1011 3940 6.

255 3985 339 4052 Tum
374 3987 493 4054 Florus
534 3988 792 4073 praepositiones
829 3989 945 4057 variat.
990 3989 1047 4054 cfr.
1083 3990 1203 4075 Draeg.
1240 4013 1272 4076 p.
1305 3996 1360 4062 40.

168 4099 196 4181 Ι,
221 4102 272 4181 ll,
295 4104 326 4164 5.
372 4099 550 4180 ,Hactenus
582 4122 642 4185 pro
674 4101 846 4184 libertate,
879 4121 956 4168 mox
984 4099 1026 4166 do
1047 4101 1167 4170 finibus
1181 4151 1257 4175 ....
1278 4126 1360 4191 pug-

170 4257 377 4268 -1—--.--.

257 4343 284 4414 1)
313 4341 487 4400 Woelfflinus
504 4343 533 4397 in
552 4343 623 4402 Phil.
645 4347 709 4402 mm.
726 4343 812 4403 XXV.
836 4360 865 4414 p.
885 4343 1056 4400 121rcctins
1078 4345 1256 4402 vniatimcm
1280 4363 1360 4418 qnam

169 4439 329 4496 varietatem
346 4437 401 4494 dici
417 4453 468 4496 suo
483 4438 542 4494 iure
559 4438 707 4496 confirmat
