3086 4972
742 391 785 470 34

682 495 838 505 -ι-ι-η-

166 575 225 666 ΙΙΙ,
249 576 302 666 20,
325 584 354 655 9.
383 583 487 667 ,quasi
509 581 606 666 plano
637 581 828 664 expiaturus
850 599 944 645 omna
968 577 1179 664 praeteritum
1205 569 1356 654 dedecus,

165 698 193 762 si
216 745 225 764 .
249 744 257 764 .
282 752 289 769 .
310 695 460 765 fecisset‘.
484 695 525 776 ΙΙ,
549 697 579 776 2,
604 697 657 762 57.
680 692 776 775 ,haud
800 692 898 758 dubio
920 691 1007 757 idem
1030 692 1064 756 in
1086 693 1192 775 ipsum
1209 707 1356 766 ausurus,

166 811 192 874 si
216 808 332 876 fuisset
354 808 502 874 occasio‘

252 921 399 1004 Denique
433 920 551 1004 Draeg.
585 919 648 984 huc
680 918 781 984 refert
814 918 1010 985 locutionem
1039 916 1111 998 ‚uisi
1146 913 1255 997 quod‘,
1293 933 1358 995 qua

166 1035 300 1100 Tacitus
335 1031 508 1099 brevitatis
554 1051 652 1096 causa
696 1031 825 1114 saepius
862 1052 940 1096 usus
977 1035 1044 1109 est,
1092 1047 1190 1111 quam
1233 1027 1358 1110 priores

114 1192 116 1197 -
166 1147 358 1230 scriptores,
397 1145 551 1227 cuiusque
589 1164 683 1208 usum
718 1142 850 1208 Wexius
888 1145 963 1226 Agr.
1003 1148 1022 1206 6
1058 1142 1109 1207 bis
1145 1139 1251 1206 verbis
1283 1138 1359 1203 illu-

167 1266 267 1326 strat:
302 1257 377 1340 ‚nisi
399 1255 495 1341 quod‘
530 1255 644 1321 dicunt
666 1256 798 1337 Latini,
834 1275 907 1320 cum
936 1257 1081 1320 limitent
1112 1253 1358 1339 pronuntiatam

168 1371 312 1456 aliquam
345 1369 558 1449 sententiam,
595 1369 644 1432 ita
678 1373 716 1433 ut
744 1369 831 1452 quod
859 1369 1008 1434 universe
1032 1375 1065 1434 et
1088 1367 1237 1433 absolute
1260 1387 1359 1430 enun-

168 1484 287 1549 tiatum
303 1487 363 1562 est,
386 1482 608 1565 exceptionem
631 1481 775 1565 aliquam
798 1480 918 1547 babere
941 1488 975 1546 et
996 1482 1203 1564 aliquatenus
1226 1480 1362 1548 restrin-

169 1595 310 1680 gendum
333 1615 404 1659 esse
427 1593 606 1661 adiiciant‘
650 1594 809 1678 Exempla
840 1593 927 1678 apud
949 1594 1082 1660 Florum
1106 1594 1187 1660 haec
1210 1600 1358 1660 exstant:

169 1705 270 1792 praef.
294 1708 320 1790 ᾗ.
342 1709 372 1772 8.
397 1753 459 1773 ...
481 1704 570 1770 haud
593 1706 695 1771 multo
719 1707 824 1771 minus
845 1707 922 1770 anui
942 1706 1082 1786 ducenti,
1106 1705 1223 1791 quibus
1242 1707 1361 1772 inertia

170 1818 347 1885 Caesarum
370 1818 463 1901 quasi
487 1819 657 1882 consenuit
671 1819 777 1902 adque
797 1818 935 1898 decoxit,
961 1818 1022 1882 nisi
1038 1818 1125 1902 quod
1142 1817 1202 1884 sub
1218 1819 1361 1884 Traiano

168 1932 316 2017 principe
338 1931 440 1996 movit
462 1930 611 1996 lacertos‘
635 1937 695 1999 etc.
720 1933 746 2018 Ι,
774 1935 823 2012 19,
849 1935 876 1998 1.
905 1929 1028 2012 ‚Omnis
1043 1952 1119 1997 mox
1133 1932 1231 1996 Italia
1246 1952 1360 2016 pacem

170 2043 296 2124 habuit,
319 2043 382 2110 nisi
403 2043 490 2127 quod
513 2045 599 2109 ultro
621 2045 772 2127 persequi
797 2044 901 2109 socios
923 2043 1065 2109 hostium
1088 2045 1234 2128 placuit.‘
1257 2043 1284 2124 I,
1308 2045 1361 2125 22,

170 2157 200 2225 3.
224 2155 267 2237 11,
290 2159 320 2238 6,
344 2156 396 2225 34.
441 2155 497 2234 IV,
516 2161 550 2233 2,
574 2161 625 2222 66.
672 2157 727 2238 IV,
750 2157 780 2237 8,
806 2157 834 2222 Ι,

664 2463 869 2470 α--α--ω-

734 2714 791 2804 V.

509 2935 750 3036 uenerantur
779 2941 816 3018 et
844 2935 1037 3038 participio.
1139 2934 1142 2938 ’

262 3138 407 3208 Ablativi
443 3143 592 3224 ge'rundii
627 3165 699 3209 cum
730 3144 916 3210 accusativo
946 3143 1065 3209 obiecti
1098 3146 1261 3210 coniuncti
1289 3168 1366 3211 usus

172 3252 249 3319 inde
272 3273 292 3319 a
314 3253 398 3320 Livii
422 3260 531 3320 aetate
564 3255 773 3336 observatur;
812 3255 899 3339 apud
924 3256 1073 3350 Tacitum
1104 3259 1183 3322 satis
1215 3257 1366 3341 frequens

174 3371 235 3448 est,
258 3364 448 3432 secutores
471 3389 570 3432 unum
593 3374 723 3433 tantum
740 3369 921 3452 exemplum
939 3367 1088 3449 exhibet;
1113 3369 1167 3449 IV,
1193 3371 1222 3450 5,
1247 3373 1276 3438 2.
1301 3369 1367 3449 ,de-

173 3477 285 3562 pulsos
306 3479 393 3560 agris
418 3478 549 3544 colonos
571 3479 758 3547 incitandu‘

261 3571 457 3674 Saepissime
481 3592 614 3657 Tacitus
637 3599 674 3656 ut
697 3594 879 3659 orationem
902 3596 1035 3659 brevem
1059 3601 1091 3659 et
1114 3594 1274 3660 illustrem
1299 3594 1368 3659 effi-

174 3707 280 3783 ceret,
314 3703 489 3787 participia
512 3725 583 3768 cum
608 3705 792 3770 nominibus
817 3707 989 3771 coniuncta
1010 3707 1288 3772 substantivorum
1311 3706 1368 3772 ab·

175 3818 374 3882 structorum
390 3815 462 3882 loco
479 3818 580 3900 ponit.
607 3818 677 3896 Qua
699 3819 731 3882 in
755 3839 790 3882 re
806 3819 946 3884 maxime
962 3821 1110 3902 sequitur
1127 3820 1253 3885 Livium
1268 3827 1367 3903 atque

174 3927 237 3991 hoc
261 3927 360 3992 ctiam
385 3927 426 3993 ab
447 3929 504 3993 illo
527 3935 696 3994 mutuatus
719 3936 779 4010 est,
803 3937 839 3996 ut
862 3931 895 3996 in
918 3932 1109 4015 praedicato
1126 3932 1365 3998 substantivum

177 4038 379 4104 abstractum
397 4046 511 4106 exstet.
536 4039 609 4124 (cfr,
627 4041 745 4124 Draeg.
768 4043 833 4108 uh
866 4043 910 4124 ΙΙ,
934 4067 963 4128 p.
987 4044 1076 4132 782).
1100 4067 1151 4110 sn.
1179 4047 1203 4124 Ι,
1228 4050 1246 4108 8
1278 4066 1364 4117 ,cum

175 4151 301 4216 occisus
324 4151 467 4218 dictator
490 4152 612 4218 Caesar
635 4153 709 4218 aliis
732 4157 918 4239 pessimum,
942 4156 1015 4222 aliis
1038 4156 1290 4240 pulcherrimum
1315 4157 1366 4220 sa-

176 4263 268 4328 cinus
291 4263 474 4337 videretur}
521 4265 646 4332 Similia
671 4269 818 4352 exempla
841 4272 941 4333 etiam
964 4269 1052 4352 apud
1075 4269 1162 4336 Flor.
1195 4270 1366 4352 leguntur:

178 4372 219 4455 ΙΙ,
245 4379 277 4456 2,
305 4379 355 4442 11.
390 4377 469 4457 ‚leve
492 4377 645 4444 damnum
670 4377 732 4444 fuit
754 4382 839 4446 alter
862 4382 1029 4446 consulum
1049 4383 1250 4466 interceptus
1268 4383 1368 4446 Asina
